@article{Halkidis:2006:QAS:2639528.2639723,
	author = {Halkidis, Spyros T. and Chatzigeorgiou, Alexander and Stephanides, George},
	title = {A Qualitative Analysis of Software Security Patterns},
	journal = {Comput. Secur.},
	issue_date = {July, 2006},
	volume = {25},
	number = {5},
	month = jul,
	year = {2006},
	issn = {0167-4048},
	pages = {379--392},
	numpages = {14},
	url = {http://dx.doi.org/10.1016/j.cose.2006.03.002},
	doi = {10.1016/j.cose.2006.03.002},
	acmid = {2639723},
	publisher = {Elsevier Advanced Technology Publications},
	address = {Oxford, UK, UK},
	keywords = {Design patterns, Security architecture, Security patterns, Software architecture, Software security},
} 

@INPROCEEDINGS{5564015, 
	author={A. Alkussayer and W. H. Allen}, 
	booktitle={2010 3rd International Conference on Computer Science and Information Technology}, 
	title={A scenario-based framework for the security evaluation of software architecture}, 
	year={2010}, 
	volume={5}, 
	number={}, 
	pages={687-695}, 
	keywords={security of data;software architecture;scenario-based framework;software architecture;software security development;stakeholder requirements;systematic security evaluation framework;Computer architecture;Variable speed drives;Logic gates;Software;Security;Software Engineering;Secure Software;Software Architecture;Scenario-Based Evaluation}, 
	doi={10.1109/ICCSIT.2010.5564015}, 
	ISSN={}, 
	month={July},}

@INPROCEEDINGS{6165757, 
	author={G. Elahi and E. Yu and N. Zannone}, 
	booktitle={2011 Third International Workshop on Security Measurements and Metrics}, 
	title={Security Risk Management by Qualitative Vulnerability Analysis}, 
	year={2011}, 
	volume={}, 
	number={}, 
	pages={1-10}, 
	keywords={decision making;probability;risk analysis;security of data;security risk management;qualitative vulnerability analysis;security risk assessment;probability;attack damage;security requirements engineering;vulnerability-centric risk analysis method;qualitative risk analysis method;risk damage;algorithmic decision analysis method;Measurement;Risk management;Software;Authentication;Analytical models;Binary codes}, 
	doi={10.1109/Metrisec.2011.12}, 
	ISSN={2326-7712}, 
	month={Sept},}

@INPROCEEDINGS{6532147, 
	author={H. Okamura and M. Tokuzane and T. Dohi}, 
	booktitle={2012 Workshop on Dependable Transportation Systems/Recent Advances in Software Dependability}, 
	title={Security Evaluation for Software System with Vulnerability Life Cycle and User Profiles}, 
	year={2012}, 
	volume={}, 
	number={}, 
	pages={39-44}, 
	keywords={Markov processes;security of data;software reliability;security evaluation;software system;vulnerability life cycle model;user profiles;security criterion;security assessment;stochastic model;continuous-time Markov chains;composite model;Markov arrival process;software security reliability functions;vulnerability;security evaluation;user profile}, 
	doi={10.1109/WDTS-RASD.2012.17}, 
	ISSN={}, 
	month={Nov},
}

@INPROCEEDINGS{1028941, 
	author={B. B. Madan and K. Gogeva-Popstojanova and K. Vaidyanathan and K. S. Trivedi}, 
	booktitle={Proceedings International Conference on Dependable Systems and Networks}, 
	title={Modeling and quantification of security attributes of software systems}, 
	year={2002}, 
	volume={}, 
	number={}, 
	pages={505-514}, 
	keywords={security of data;computer network reliability;quality of service;telecommunication security;random processes;software security attribute quantification;network based service failures;server systems failure;security intrusions;security attacks;QoS;intrusion tolerant system;SITAR system;random process;stochastic modeling techniques;steady-state behavior;failure probabilities;Software systems;Information security;Availability;Application software;Steady-state;Time measurement;Data structures;Boolean functions;Computer science;Network servers}, 
	doi={10.1109/DSN.2002.1028941}, 
	ISSN={}, 
	month={June},
}

@article{Okamura:2013:QSESVD,
	author = {Hiroyuki  Okamura, Masataka  Tokuzane and Tadashi  Dohi},
	title = {Quantitative Security Evaluation for Software System from Vulnerability Database},
	journal = {Journal of Software Engineering and Applications},
	issue_date = {April, 2013},
	volume = {06},
	number = {04},
	month = {april},
	year = {2013},
	pages = {15--23},
	numpages = {9},
	url = {http://www.scirp.org/journal/PaperInformation.aspx?PaperID=30073},
	doi = {10.4236/jsea.2013.64A003},
	acmid = {30073},
}

@article{1335467, 
	author={D. M. Nicol and W. H. Sanders and K. S. Trivedi}, 
	journal={IEEE Transactions on Dependable and Secure Computing}, 
	title={Model-based evaluation: from dependability to security}, 
	year={2004}, 
	volume={1}, 
	number={1}, 
	pages={48-65}, 
	keywords={security of data;Markov processes;fault tolerant computing;software reliability;model-based evaluation;Markov reward models;discrete-event simulation;system dependability;system security;dependability evaluation;security evaluation;performability evaluation;stochastic modeling;Computer security;Stochastic systems;Stochastic processes;History;Discrete event simulation;Humans;Performance evaluation;Protocols;Sensitivity analysis;Index Terms- Dependability evaluation;security evaluation;performability evaluation;stochastic modeling.}, 
	doi={10.1109/TDSC.2004.11}, 
	ISSN={1545-5971}, 
	month={Jan},
}

@inproceedings{5315969, 
	author={G. Vache}, 
	booktitle={2009 3rd International Symposium on Empirical Software Engineering and Measurement}, 
	title={Vulnerability analysis for a quantitative security evaluation}, 
	year={2009}, 
	volume={}, 
	number={}, 
	pages={526-534}, 
	keywords={information systems;security of data;vulnerability life cycle quantitative characterization;probability distribution;information system security;system environment;attacker behaviour;vulnerability database;open source vulnerability database;quantitative security evaluation modelling;Information security;Data security;Environmental factors;Information systems;Databases;ISO standards;Software engineering;Software measurement;Probability distribution;Measurement standards}, 
	doi={10.1109/ESEM.2009.5315969}, 
	ISSN={1949-3770}, 
	month={Oct},
}

@inproceedings{Jain:2017:CAE:3102980.3102991,
	author = {Jain, Bhushan and Tsai, Chia-Che and Porter, Donald E.},
	title = {A Clairvoyant Approach to Evaluating Software (In)Security},
	booktitle = {Proceedings of the 16th Workshop on Hot Topics in Operating Systems},
	series = {HotOS '17},
	year = {2017},
	isbn = {978-1-4503-5068-6},
	location = {Whistler, BC, Canada},
	pages = {62--68},
	numpages = {7},
	url = {http://doi.acm.org/10.1145/3102980.3102991},
	doi = {10.1145/3102980.3102991},
	acmid = {3102991},
	publisher = {ACM},
	address = {New York, NY, USA},
} 

@article{Ansar:PWRSSM, 
	author={A. Ansar, S & A. Khan, R & Agrawal, A},  
	title={A Phase Wise Review of Software Security Metrics}, 
	journal={International Journal of Software Engineering for Smart Device},
	year={2017}, 
	volume={1}, 
	pages={25-34},  
	doi={10.21742/ijsesd.2017.4.1.03}, 
}

@article{Pendleton:2016:SSS:3022634.3005714,
	author = {Pendleton, Marcus and Garcia-Lebron, Richard and Cho, Jin-Hee and Xu, Shouhuai},
	title = {A Survey on Systems Security Metrics},
	journal = {ACM Comput. Surv.},
	issue_date = {February 2017},
	volume = {49},
	number = {4},
	month = dec,
	year = {2016},
	issn = {0360-0300},
	pages = {62:1--62:35},
	articleno = {62},
	numpages = {35},
	url = {http://doi.acm.org/10.1145/3005714},
	doi = {10.1145/3005714},
	acmid = {3005714},
	publisher = {ACM},
	address = {New York, NY, USA},
	keywords = {Security metrics, quantitative security, security foundation, security measurement},
}

@inproceedings{Wang:2009:SMS:1566445.1566509,
	author = {Wang, Ju An and Wang, Hao and Guo, Minzhe and Xia, Min},
	title = {Security Metrics for Software Systems},
	booktitle = {Proceedings of the 47th Annual Southeast Regional Conference},
	series = {ACM-SE 47},
	year = {2009},
	isbn = {978-1-60558-421-8},
	location = {Clemson, South Carolina},
	pages = {47:1--47:6},
	articleno = {47},
	numpages = {6},
	url = {http://doi.acm.org/10.1145/1566445.1566509},
	doi = {10.1145/1566445.1566509},
	acmid = {1566509},
	publisher = {ACM},
	address = {New York, NY, USA},
	keywords = {security metrics, software quality, software security, software vulnerabilities},
}

@misc{Kotenko,
	author = {Kotenko, Igor and Chechulin, Andrey and Novikova, E},
	title = {Attack modelling and security evaluation for Security Information and Event Management},
	journal = {Proceedings of the International Conference on Security and Cryptography},
	year = {2012},
}
